@misc{UFDecoder,
    author = {Yue Wu, Namitha Liyanage, Lin Zhong},
    title = {An interpretation of Union-Find Decoder on Weighted Graphs},
    eprint = {quant-ph/2211.03288},
    archivePrefix = {arXiv},
    primaryClass = {quant-ph},
    pages = {5--6},
    year = {2022},
    url = {https://arxiv.org/pdf/2211.03288.pdf}
}

@misc{MWPMDecoder,
    author = {Oscar Higgott},
    title = {PyMatching: A Python package for decoding quantum codes
with minimum-weight perfect matching},
    eprint = {quant-ph/2105.13082},
    archivePrefix = {arXiv},
    primaryClass = {quant-ph},
    pages = {2--5},
    year = {2021},
    url = {https://arxiv.org/pdf/2105.13082.pdf}
}

@misc{joschka,
  author          = {Joschka Roffe},
  title           = {Quantum Error Correction: An Introductory Guide},
  eprint          = {quant-ph/1907.11157},
  archivePrefix   = {arXiv},
  primaryClass    = {quant-ph},
  pages           = {14--18},
  year            = {2019},
  url             = {https://arxiv.org/pdf/1907.11157.pdf}
}

@misc{delfosse,
  author          = {Nicolas Delfosse},
  title           = {Decoding color codes by projection onto surface codes},
  eprint          = {quant-ph/1308.6207},
  archivePrefix   = {arXiv},
  primaryClass    = {quant-ph},
  pages           = {12--15},
  year            = {2018},
  url             = {https://arxiv.org/pdf/1308.6207.pdf}
}

@misc{gottesman,
  author          = {Daniel Gottesman},
  title           = {The Heisenberg Representation of Quantum Computers},
  eprint          = {quant-ph/9807006},
  archivePrefix   = {arXiv},
  primaryClass    = {quant-ph},
  pages           = {5--10},
  year            = {1998},
  url             = {https://arxiv.org/pdf/9807006.pdf}
}

@misc{steane,
  author          = {Ben W. Reichardt},
  title           = {Fault-tolerant quantum error correction
for Steane`s seven-qubit color code with few or no extra qubits},
  eprint          = {quant-ph//1804.06995},
  archivePrefix   = {arXiv},
  primaryClass    = {quant-ph},
  pages           = {1},
  year            = {2018},
  url             = {https://arxiv.org/pdf//1804.06995.pdf}
}